@MISC{pres-1,
    author = "{Jaroslav Ráček, Dita Salajková}",
    title  = "{\it Project Management Basics}",
    year   = "2019-03-06",
    url    = "https://is.muni.cz/el/1433/jaro2019/PA179/um/01_GeneralPM.pdf",
    note   = "[Online; Navštíveno: 2019-03-06]",
}

@MISC{pres-2,
    author = "{Jaroslav Ráček, Dita Salajková}",
    title  = "{\it Project management in IT}",
    year   = "2019-03-06",
    url    = "https://is.muni.cz/el/1433/jaro2019/PA179/um/02_ITPM.pdf",
    note   = "[Online; Navštíveno: 2019-03-06]",
}

@MISC{pres-3a,
    author = "{Jaroslav Ráček, Dita Salajková}",
    title  = "{\it Standards comparison}",
    year   = "2019-03-06",
    url    = "https://is.muni.cz/el/fi/jaro2019/PA179/um/03_Comparison.pdf",
    note   = "[Online; Navštíveno: 2019-03-06]",
}

@MISC{pres-3b,
    author = "{Jaroslav Ráček, Dita Salajková}",
    title  = "{\it Information System for disabled students Part 1}",
    year   = "2019-03-06",
    url    = "https://is.muni.cz/el/fi/jaro2019/PA179/um/04_AgileExample01.pdf",
    note   = "[Online; Navštíveno: 2019-03-06]",
}

@MISC{pres-4a,
    author = "{Jaroslav Ráček, Dita Salajková}",
    title  = "{\it Information System for disabled students Part 2}",
    year   = "2019-03-06",
    url    = "https://is.muni.cz/el/fi/jaro2019/PA179/um/05_AgileExample02.pdf",
    note   = "[Online; Navštíveno: 2019-03-06]",
}

@MISC{pres-4b,
    author = "{Jaroslav Ráček, Dita Salajková}",
    title  = "{\it Information System for disabled students Part 3}",
    year   = "2019-03-06",
    url    = "https://is.muni.cz/el/fi/jaro2019/PA179/um/06_AgileExample03.pdf",
    note   = "[Online; Navštíveno: 2019-03-06]",
}

@MISC{pres-5,
    author = "{Jaroslav Ráček, Dita Salajková}",
    title  = "{\it Information System for disabled students Part 4}",
    year   = "2019-03-06",
    url    = "https://is.muni.cz/el/fi/jaro2019/PA179/um/07_AgileExample04.pdf",
    note   = "[Online; Navštíveno: 2019-03-06]",
}

@MISC{pres-6,
    author = "{Jaroslav Ráček, Dita Salajková}",
    title  = "{\it SW solution for city information kiosks Part 1}",
    year   = "2019-03-06",
    url    = "https://is.muni.cz/el/fi/jaro2019/PA179/um/08_PredictiveExample01.pdf",
    note   = "[Online; Navštíveno: 2019-03-06]",
}

@MISC{pres-7,
    author = "{Jaroslav Ráček, Dita Salajková}",
    title  = "{\it SW solution for city information kiosks Part 2}",
    year   = "2019-03-06",
    url    = "https://is.muni.cz/el/fi/jaro2019/PA179/um/09_PredictiveExample02.pdf",
    note   = "[Online; Navštíveno: 2019-03-06]",
}

@MISC{pres-8,
    author = "{Jaroslav Ráček, Dita Salajková}",
    title  = "{\it SW solution for city information kiosks Part 3}",
    year   = "2019-03-06",
    url    = "https://is.muni.cz/el/fi/jaro2019/PA179/um/09_PredictiveExample03.pdf",
    note   = "[Online; Navštíveno: 2019-03-06]",
}

@MISC{pres-9a,
    author = "{Jaroslav Ráček, Dita Salajková}",
    title  = "{\it SW solution for city information kiosks Part 4}",
    year   = "2019-03-06",
    url    = "https://is.muni.cz/el/fi/jaro2019/PA179/um/09_PredictiveExample04.pdf",
    note   = "[Online; Navštíveno: 2019-03-06]",
}

@MISC{pres-9b,
    author = "{Jaroslav Ráček, Dita Salajková}",
    title  = "{\it Course summary}",
    year   = "2019-03-06",
    url    = "https://is.muni.cz/auth/el/fi/jaro2019/PA179/um/12_CourseSummary.pdf",
    note   = "[Online; Navštíveno: 2019-03-06]",
}
